%%%%%%%%%%%%%%%%%%%%%%%%%%%%%%%%%%VARIABLES%%%%%%%%%%%%%%%%%%%%%%%%%%%%%
%
%
%%%%%%%%%%%%%%%%%%%%%%%%%%%%%%%%%%BIBLIOGRAPHY%%%%%%%%%%%%%%%%%%%%%%%%%%
@article{zhang2011evolutionary,
  title=	{Evolutionary computation meets machine learning: A survey},
  author=	{Zhang, Jun and Zhan, Zhi-hui and Lin, Ying and Chen, Ni and Gong, Yue-jiao and Zhong, Jing-hui and Chung, Henry SH and Li, Yun and Shi, Yu-hui},
  journal=	{Computational Intelligence Magazine, IEEE},
  volume=	{6},
  number=	{4},
  pages=	{68--75},
  year=		{2011},
  publisher=	{IEEE}
}

@book{eiben2003introduction,
  title=	{Introduction to evolutionary computing},
  author=	{Eiben, Agoston E and Smith, James E},
  year=		{2003},
  pages=	{15--34},
  publisher=	{springer}
}

@ARTICLE{Whitley94agenetic,
  author = 	{Darrell Whitley},
  title = 	{A Genetic Algorithm Tutorial},
  journal = 	{Statistics and Computing},
  year = 	{1994},
  volume = 	{4},
  pages = 	{65--85}
}

@incollection{tavares2004evolution,
  title=	{On the evolution of evolutionary algorithms},
  author=	{Tavares, Jorge and Machado, Penousal and Cardoso, Amilcar and Pereira, Francisco B and Costa, Ernesto},
  booktitle=	{Genetic Programming},
  pages=	{389--398},
  year=		{2004},
  publisher=	{Springer}
}

@article{kicinger2005evolutionary,
  title=	{Evolutionary computation and structural design: A survey of the state-of-the-art},
  author=	{Kicinger, Rafal and Arciszewski, Tomasz and Jong, Kenneth De},
  journal=	{Computers \& Structures},
  volume=	{83},
  number=	{23},
  pages=	{1943--1978},
  year=		{2005},
  publisher=	{Elsevier}
}

@inproceedings{hinterding1997adaptation,
  title=	{Adaptation in evolutionary computation: A survey},
  author=	{Hinterding, Robert and Michalewicz, Zbigniew and Eiben, Agoston E},
  booktitle=	{Evolutionary Computation, 1997., IEEE International Conference on},
  pages=	{65--69},
  year=		{1997},
  organization=	{IEEE}
}

@article{singulani2008computational,
  title=	{Computational intelligence applied to the growth of quantum dots},
  author=	{Singulani, Anderson P and Vilela Neto, Omar P and Aur{\'e}lio Pacheco, Marco C and Vellasco, Marley BR and Pires, Maur{\'\i}cio P and Souza, Patr{\'\i}cia L},
  journal=	{Journal of Crystal Growth},
  volume=	{310},
  number=	{23},
  pages=	{5063--5065},
  year=		{2008},
  publisher=	{Elsevier}
}

@article{zhou2011multiobjective,
  title=	{Multiobjective evolutionary algorithms: A survey of the state of the art},
  author=	{Zhou, Aimin and Qu, Bo-Yang and Li, Hui and Zhao, Shi-Zheng and Suganthan, Ponnuthurai Nagaratnam and Zhang, Qingfu},
  journal=	{Swarm and Evolutionary Computation},
  volume=	{1},
  number=	{1},
  pages=	{32--49},
  year=		{2011},
  publisher=	{Elsevier}
}

@book{romero2008art,
  title=	{The art of artificial evolution: a handbook on evolutionary art and music},
  author=	{Romero, Juan J and Machado, Penousal},
  year=		{2008},
  publisher=	{Springer}
}

@article{coello1999comprehensive,
  title=	{A comprehensive survey of evolutionary-based multiobjective optimization techniques},
  author=	{Coello, Carlos A Coello},
  journal=	{Knowledge and Information systems},
  volume=	{1},
  number=	{3},
  pages=	{269--308},
  year=		{1999},
  publisher=	{Springer}
}

@BOOK{Bertino93,
  AUTHOR =       "E. Bertino and L. Martino",
  TITLE =        "Object Oriented Database Systems: Concepts and Architectures",
  PUBLISHER =    "Adison-Wesley Publishing Company, Inc.",
  YEAR =         "1993",
  address =      "Massachusetts, E.U.A.",}

@PHDTHESIS{Galante01,
  AUTHOR =       "Galante, Renata de M.",
  TITLE =        "Evolução de Esquemas em Bancos de Dados Orientados a Objetos com o emprego de versões",
  SCHOOL =       "Instituto de Informática-UFRGS",
  YEAR =         "2001",
  month =        "Junho",}

@ARTICLE{Mateos00,
  AUTHOR =       "Mateos, G. and García M., J and Ortín I., M",
  TITLE =        "Inclusión de Vistas en \textsc{ODMG}",
  JOURNAL =      "Jornadas de Ingeniería del Software y Bases de Datos {(JISBD 2000)}",
  YEAR =         "2000",
  pages =        "383-395",}

% ---------------------------------------------------------------------
